@INPROCEEDINGS{oatley-et-al-soccogcomp2015,
  author =       {Giles Oatley and Tom Crick and Mohamed Mostafa},
  title =        {{Digital Footprints: Envisaging and Analysing Online Behaviour}},
  booktitle =    {{Proceedings of 2015 Symposium on Social Aspects of Cognition and Computing Symposium (SSAISB 2015)}},
  year =         {2015}
}